@article{borkar2011future,
  title={The future of microprocessors},
  author={Borkar, Shekhar and Chien, Andrew A},
  journal={Communications of the ACM},
  volume={54},
  number={5},
  pages={67--77},
  year={2011},
  publisher={ACM New York, NY, USA}
}

@book{hennessy2011computer,
  title={Computer architecture: a quantitative approach},
  author={Hennessy, John L and Patterson, David A},
  year={2011},
  publisher={Elsevier}
}

@article{coteus2011technologies,
  title={Technologies for exascale systems},
  author={Coteus, Paul W and Knickerbocker, John U and Lam, Chung H and Vlasov, Yurii A},
  journal={IBM Journal of Research and Development},
  volume={55},
  number={5},
  pages={14--1},
  year={2011},
  publisher={IBM}
}

@article{fruehe2005multicore,
  title={Multicore processor technology},
  author={Fruehe, John},
  journal={Reprinted from Dell Power Solutions www. dell. com/powersolutions (Obtained from the Internet on Mar. 23, 2012)},
  pages={67--72},
  year={2005}
}

@inproceedings{gepner2006multi,
  title={Multi-core processors: New way to achieve high system performance},
  author={Gepner, Pawel and Kowalik, Michal Filip},
  booktitle={International Symposium on Parallel Computing in Electrical Engineering (PARELEC'06)},
  pages={9--13},
  year={2006},
  organization={IEEE}
}

@article{hsu2015three,
  title={Three paths to exascale supercomputing},
  author={Hsu, Jeremy},
  journal={IEEE Spectrum},
  volume={53},
  number={1},
  pages={14--15},
  year={2015},
  publisher={IEEE}
}

@article{Gropp2013,
  title={Programming for exascale computers},
  author={Gropp, William and Snir, Marc},
  journal={Computing in Science and Engineering},
  volume={15},
  number={6},
  pages={27--35},
  year={2013},
  publisher={IEEE}
}

@article{Mittal2015,
  title={A survey of CPU-GPU heterogeneous computing techniques},
  author={Mittal, Sparsh and Vetter, Jeffrey S},
  journal={ACM Computing Surveys (CSUR)},
  volume={47},
  number={4},
  pages={1--35},
  year={2015},
  publisher={ACM New York, NY, USA}
}

@article{Cruz2016,
  title={Lapt: A locality-aware page table for thread and data mapping},
  author={Cruz, Eduardo HM and Diener, Matthias and Alves, Marco AZ and Pilla, La{\'e}rcio L and Navaux, Philippe OA},
  journal={Parallel Computing (PARCO)},
  volume={54},
  pages={59--71},
  year={2016},
  publisher={Elsevier}
}

@article{flynn1996parallel,
  title={Parallel architectures},
  author={Flynn, Michael J and Rudd, Kevin W},
  journal={ACM Computing Surveys (CSUR)},
  volume={28},
  number={1},
  pages={67--70},
  year={1996},
  publisher={ACM New York, NY, USA}
}

@book{kirk2016programming,
  title={Programming massively parallel processors: a hands-on approach},
  author={Kirk, David B and Wen-Mei, W Hwu},
  year={2016},
  publisher={Morgan kaufmann}
}

@book{cook2012cuda,
  title={CUDA programming: a developer's guide to parallel computing with GPUs},
  author={Cook, Shane},
  year={2012},
  publisher={Newnes}
}

@book{foster1995designing,
  title={Designing and building parallel programs: concepts and tools for parallel software engineering},
  author={Foster, Ian},
  year={1995},
  publisher={Addison-Wesley Longman Publishing Co., Inc.}
}

@article{openmp,
  title={Openmp application program interface v3. 0},
  author={OpenMP, ARB},
  journal={OpenMP Architecture Review Board},
  year={2008},
  howpublished = "\url{http://www.openmp.org}",
  note = "[Online; accessed 15-January-2020]",
}

@book{chapman2008using,
  title={Using OpenMP: portable shared memory parallel programming},
  author={Chapman, Barbara and Jost, Gabriele and Van Der Pas, Ruud},
  volume={10},
  year={2008},
  publisher={MIT press}
}

@article{reinders2012overview,
  title={An overview of programming for Intel Xeon processors and Intel Xeon Phi coprocessors},
  author={Reinders, James},
  journal={Intel Corporation, Santa Clara},
  volume={1},
  pages={1550002},
  year={2012}
}

@article{robison2013composable,
  title={Composable parallel patterns with intel cilk plus},
  author={Robison, Arch D},
  journal={Computing in Science and Engineering},
  volume={15},
  number={2},
  pages={66--71},
  year={2013},
  publisher={IEEE Computer Society}
}

@book{gropp1999using,
  title={Using MPI-2: Advanced features of the message passing interface},
  author={Gropp, William and Thakur, Rajeev and Lusk, Ewing},
  year={1999},
  publisher={MIT press}
}

@incollection{pitt2017introduction,
  title={An Introduction to Parallel Programming Using MPI},
  author={Pitt-Francis, Joe and Whiteley, Jonathan},
  booktitle={Guide to Scientific Computing in C++},
  pages={197--224},
  year={2017},
  publisher={Springer}
}

@article{AyguadeCoptyDuranEtAl2009,
  title={The design of OpenMP tasks},
  author={Ayguad{\'e}, Eduard and Copty, Nawal and Duran, Alejandro and Hoeflinger, Jay and Lin, Yuan and Massaioli, Federico and Teruel, Xavier and Unnikrishnan, Priya and Zhang, Guansong},
  journal={IEEE Transactions on Parallel and Distributed Systems},
  volume={20},
  number={3},
  pages={404--418},
  year={2008},
  publisher={IEEE}
}

@inproceedings{martineau2016evaluating,
  title={Evaluating OpenMP 4.0's effectiveness as a heterogeneous parallel programming model},
  author={Martineau, Matt and McIntosh-Smith, Simon and Gaudin, Wayne},
  booktitle={2016 IEEE International Parallel and Distributed Processing Symposium Workshops (IPDPSW)},
  pages={338--347},
  year={2016},
  organization={IEEE}
}

@article{de2018ongoing,
  title={The ongoing evolution of openmp},
  author={de Supinski, Bronis R and Scogland, Thomas RW and Duran, Alejandro and Klemm, Michael and Bellido, Sergi Mateo and Olivier, Stephen L and Terboven, Christian and Mattson, Timothy G},
  journal={Proceedings of the IEEE},
  volume={106},
  number={11},
  pages={2004--2019},
  year={2018},
  publisher={IEEE}
}

@inproceedings{satish2012can,
  title={Can traditional programming bridge the ninja performance gap for parallel computing applications?},
  author={Satish, Nadathur and Kim, Changkyu and Chhugani, Jatin and Saito, Hideki and Krishnaiyer, Rakesh and Smelyanskiy, Mikhail and Girkar, Milind and Dubey, Pradeep},
  booktitle={2012 39th Annual International Symposium on Computer Architecture (ISCA)},
  pages={440--451},
  year={2012},
  organization={IEEE}
}

@inproceedings{DeMelo2010,
  title={The new linux’perf’tools},
  author={De Melo, Arnaldo Carvalho},
  booktitle={Slides from Linux Kongress},
  volume={18},
  pages={1--42},
  year={2010}
}

@inproceedings{weaver2013linux,
  title={Linux perf\_event features and overhead},
  author={Weaver, Vincent M},
  booktitle={The 2nd International Workshop on Performance Analysis of Workload Optimized Systems, FastPath},
  volume={13},
  year={2013}
}

@incollection{terpstra2010collecting,
  title={Collecting performance data with PAPI-C},
  author={Terpstra, Dan and Jagode, Heike and You, Haihang and Dongarra, Jack},
  booktitle={Tools for High Performance Computing 2009},
  pages={157--173},
  year={2010},
  publisher={Springer}
}

@inproceedings{weaver2012measuring,
  title={Measuring energy and power with PAPI},
  author={Weaver, Vincent M and Johnson, Matt and Kasichayanula, Kiran and Ralph, James and Luszczek, Piotr and Terpstra, Dan and Moore, Shirley},
  booktitle={2012 41st International Conference on Parallel Processing Workshops},
  pages={262--268},
  year={2012},
  organization={IEEE},
  address = {Pittsburgh, PA, USA}
}

@inproceedings{johnson2012papi,
  title={PAPI-V: Performance monitoring for virtual machines},
  author={Johnson, Matthew and McCraw, Heike and Moore, Shirley and Mucci, Phil and Nelson, John and Terpstra, Dan and Weaver, Vince and Mohan, Tushar},
  booktitle={2012 41st International Conference on Parallel Processing Workshops},
  pages={194--199},
  year={2012},
  organization={IEEE}
}

@inproceedings{pulo2009fun,
  title={Fun with LD\_PRELOAD},
  author={Pulo, Kevin},
  booktitle={linux. conf. au},
  volume={153},
  year={2009}
}

@article{cieslak2015dynamic,
  title={Dynamic linker tricks: Using LD\_PRELOAD to cheat, inject features and investigate programs},
  author={Cieslak, R},
  journal={Retrieved March},
  volume={12},
  pages={2015},
  year={2015}
}

@article{fletcher2009reverse,
  title={Reverse time migration in tilted transversely isotropic (TTI) media},
  author={Fletcher, Robin P and Du, Xiang and Fowler, Paul J},
  journal={Geophysics},
  volume={74},
  number={6},
  pages={WCA179--WCA187},
  year={2009},
  publisher={Society of Exploration Geophysicists}
}

@inproceedings{serpa2017strategies,
  title={Strategies to improve the performance of a geophysics model for different manycore systems},
  author={Serpa, Matheus S and Cruz, Eduardo HM and Diener, Matthias and Krause, Arthur M and Farr{\'e}s, Albert and Rosas, Claudia and Panetta, Jairo and Hanzich, Mauricio and Navaux, Philippe OA},
  booktitle={2017 International Symposium on Computer Architecture and High Performance Computing Workshops (SBAC-PADW)},
  pages={49--54},
  year={2017},
  organization={IEEE}
}

@inproceedings{serpa2018optimizing,
  title={Optimizing Geophysics Models Using Thread and Data Mapping},
  author={Serpa, Matheus S and Cruz, Eduardo HM and Panetta, Jairo and Navaux, Philippe OA},
  booktitle={2018 Symposium on High Performance Computing Systems (WSCAD)},
  pages={135--141},
  year={2018},
  organization={IEEE}
}

@inproceedings{serpa2018improving,
  title={Improving Oil and Gas Simulation Performance Using Thread and Data Mapping},
  author={Serpa, Matheus S and Cruz, Eduardo HM and Panetta, Jairo and Azambuja, Ant{\^o}nio and Carissimi, Alexandre S and Navaux, Philippe OA},
  booktitle={Symposium on High Performance Computing Systems},
  pages={55--68},
  year={2018},
  organization={Springer}
}

@article{serpa2019optimization,
  title={Optimization strategies for geophysics models on manycore systems},
  author={Serpa, Matheus S and Cruz, Eduardo HM and Diener, Matthias and Krause, Arthur M and Navaux, Philippe OA and Panetta, Jairo and Farr{\'e}s, Albert and Rosas, Claudia and Hanzich, Mauricio},
  journal={The International Journal of High Performance Computing Applications},
  volume={33},
  number={3},
  pages={473--486},
  year={2019},
  publisher={SAGE Publications Sage UK: London, England}
}
